% This file was created with JabRef 2.10.
% Encoding: UTF-8


@article{article1,
  Title                    = {{Example Article}},
  Author                   = {John Smith and Robert Hudson},
  Subtitle                 = {Subtitle for Article},
  date                     = 2010,
  month                    = 3,
  day                      = 1,
  number                   = {12},
}
 

@Book{lkgt,
  Title                    = {{\LaTeX} kurz und gut},
  Author                   = {Matthias DÃ¤lheimer},
  Publisher                = {O'Reilly},
  Year                     = {2004},
  Month                    = {4},

}

@Misc{bworld,
  Title                    = {{BWorld Robot Control Software}},

  Author                   = {Ingo Lutkebohle},
  HowPublished             = {\url{http://aiweb.techfak.uni-bielefeld.de/content/bworld-robot-control-software/}},
  Note                     = {(Online; accessed 19-July-2008)},
  Year                     = {2008},
  Month                    = {11},
}

@Book{dlb,
  Title                    = {{Der {\LaTeX} Begleiter}},
  Author                   = {Frank Mittelbach and Michel Goossens and Johannes Braams and David Carlisle and Jr. Chris Rowley},
  Publisher                = {Pearson Studium},
  Year                     = {2005},
  Month                    = {3},
  Day                      = {1.}
}

