% This file was created with JabRef 2.8.1.
% Encoding: Cp1252

@BOOK{dlb,
  title = {Der \LaTeX-Begleiter},
  publisher = {Pearson Studium},
  year = {2005},
  author = {Mittelbach Frank and Michel Goossens and Johannes Braams and David
	Carlisle and Jr., Chris Rowley},
  owner = {phi},
  timestamp = {2012.03.22}
}

@BOOK{lkgt,
  title = {\LaTeX{} kurz und gut},
  publisher = {O'Reilly},
  year = {2004},
  author = {Matthias Dalheimer},
  date-modified = {2012-03-23 08:56:43 +0000},
  owner = {phi},
  timestamp = {2012.03.22}
}

@comment{jabref-meta: selector_review:}

@comment{jabref-meta: selector_publisher:}

@comment{jabref-meta: selector_author:}

@comment{jabref-meta: selector_language:german;}

@comment{jabref-meta: selector_journal:}

@comment{jabref-meta: selector_keywords:}

